%% This BibTeX bibliography file was created using BibDesk.
%% http://bibdesk.sourceforge.net/


%% Created for Dorgival Guedes at 2014-09-30 22:57:22 -0300 


%% Saved with string encoding Unicode (UTF-8) 



@techreport{lldp,
        key = IEEE,
	Address = {New York, NY, USA},
	Date-Added = {2014-10-01 01:55:08 +0000},
	Date-Modified = {2014-10-01 01:57:10 +0000},
	Institution = {IEEE Computer Society},
	Month = {September},
	Number = {801.1AB},
	Title = {IEEE Standard for Local and metropolitan area networks - Station and Media Access Control Connectivity Discovery},
	Type = {IEEE Standard},
	Year = {2009}}

@article{nick2008openflow,
	Author = {McKeown, Nick and Anderson, Tom and Balakrishnan, Hari and Parulkar, Guru and Peterson, Larry and Rexford, Jennifer and Shenker, Scott and Turner, Jonathan},
	Journal = {SIGCOMM Comput. Commun. Rev.},
	Month = {March},
	Pages = {69--74},
	Title = {OpenFlow: enabling innovation in campus networks},
	Volume = {38},
	Year = {2008}}

@misc{pox,
	Howpublished = {\url{http://www.noxrepo.org/pox/about-pox/}},
	Key = {POX},
	Note = {Accessed on November, 2012},
	Title = {The {POX} platform},
	Year = {2012}}

@article{nox,
	Acmid = {1384625},
	Address = {New York, NY, USA},
	Author = {Gude, Natasha and Koponen, Teemu and Pettit, Justin and Pfaff, Ben and Casado, Mart\'{\i}n and McKeown, Nick and Shenker, Scott},
	Doi = {http://doi.acm.org/10.1145/1384609.1384625},
	Issn = {0146-4833},
	Issue = {3},
	Journal = {SIGCOMM Computer Communication Review},
	Month = {July},
	Pages = {105-110},
	Publisher = {ACM},
	Title = {{NOX}: towards an operating system for networks},
	Url = {http://doi.acm.org/10.1145/1384609.1384625},
	Volume = {38},
	Year = {2008},
	Bdsk-Url-1 = {http://doi.acm.org/10.1145/1384609.1384625}}

@inproceedings{martin2010virtualizing,
	Address = {New York, NY, USA},
	Articleno = {8},
	Author = {Casado, Martin and Koponen, Teemu and Ramanathan, Rajiv and Shenker, Scott},
	Booktitle = {Proceedings of the Workshop on Programmable Routers for Extensible Services of Tomorrow},
	Doi = {http://doi.acm.org/10.1145/1921151.1921162},
	Isbn = {978-1-4503-0467-2},
	Location = {Philadelphia, Pennsylvania},
	Numpages = {6},
	Pages = {8:1-8:6},
	Publisher = {ACM},
	Series = {PRESTO '10},
	Title = {Virtualizing the network forwarding plane},
	Url = {http://doi.acm.org/10.1145/1921151.1921162},
	Year = {2010},
	Bdsk-Url-1 = {http://doi.acm.org/10.1145/1921151.1921162}}

@inproceedings{teemu2010onix,
	Acmid = {1924968},
	Address = {Berkeley, CA, USA},
	Author = {Koponen, Teemu and Casado, Martin and Gude, Natasha and Stribling, Jeremy and Poutievski, Leon and Zhu, Min and Ramanathan, Rajiv and Iwata, Yuichiro and Inoue, Hiroaki and Hama, Takayuki and Shenker, Scott},
	Booktitle = {Proceedings of the 9th USENIX conference on Operating systems design and implementation},
	Location = {Vancouver, BC, Canada},
	Numpages = {6},
	Pages = {1-6},
	Publisher = {USENIX Association},
	Series = {OSDI'10},
	Title = {Onix: a distributed control platform for large-scale production networks},
	Url = {http://dl.acm.org/citation.cfm?id=1924943.1924968},
	Year = {2010},
	Bdsk-Url-1 = {http://dl.acm.org/citation.cfm?id=1924943.1924968}}

@inproceedings{ramya2012dynamic,
	Author = {Ramya Raghavendra and Jorge Lobo and Kang-Won Lee},
	Booktitle = {Proceedings of the Workshop on Hot Topics on Software Defined Networking, HotSDN'12},
	Title = {Dynamic Graph Query Primitives for {SDN}-based Cloud Network Management},
	Year = {2012}}

@inproceedings{martin2012fabric,
	Author = {Martin Casado and Teemu Koponen and Scott Shenker},
	Booktitle = {Proceedings of the ACM Workshop on Hot Topics on Software Defined Networking, HotSDN'12},
	Title = {Fabric: A Retrospective on Evolving {SDN}},
	Year = {2012}}

@inproceedings{barath2012software,
	Author = {Barath Raghavan and Teemu Koponen and Mart{\'\i}n Casado and Scott Shenker},
	Publisher = {Proceedings of the ACM Workshop on Hot Topics on Network Interconnects, Hotnets'12},
	Title = {Software-Defined Internet Architecture},
	Year = {2012}}

@article{Foster:2011:FNP:2034574.2034812,
	Acmid = {2034812},
	Address = {New York, NY, USA},
	Author = {Foster, Rob and Freedman, Monsanto and Rexford, Jennifer},
	Doi = {10.1145/2034574.2034812},
	Issn = {0362-1340},
	Issue_Date = {September 2011},
	Journal = {SIGPLAN Notes},
	Keywords = {domain-specific languages, functional reactive programming, network programming languages, openflow},
	Month = sep,
	Number = {9},
	Numpages = {13},
	Pages = {279--291},
	Publisher = {ACM},
	Title = {Frenetic: a network programming language},
	Url = {http://doi.acm.org/10.1145/2034574.2034812},
	Volume = {46},
	Year = {2011},
	Bdsk-Url-1 = {http://doi.acm.org/10.1145/2034574.2034812},
	Bdsk-Url-2 = {http://dx.doi.org/10.1145/2034574.2034812}}

@inproceedings{Monsanto:2013:CSN:2482626.2482629,
	Address = {Berkeley, CA, USA},
	Author = {Monsanto, Christopher and Reich, Joshua and Rexford, Jennifer},
	Booktitle = {Proceedings of the 10th USENIX conference on Networked Systems Design and Implementation},
	Location = {Lombard, IL},
	Publisher = {USENIX Association},
	Series = {nsdi'13},
	Title = {Composing software-defined networks},
	Year = {2013}}

@misc{openflow2013protocol,
	Howpublished = {\url{https://www.opennetworking.org/images/ stories/downloads/sdn-resources/onf-specifications/openflow/openflow-spec-v1.3.0.pdf}},
	Note = {[Online; Accessed on July 2014]},
	Title = {OpenFlow Switch Specification},
	Year = {2013}}

@misc{gustavo2013modulo,
	Author = {Gustavo Pantuza and Frederico Sampaio},
	Howpublished = {\url{https://github.com/pantuza/pox}},
	Note = {{Online; accessed on September 30, 2014}},
	Title = {POX: graph module},
	Year = {2013}}

@inproceedings{lantz2010network,
	Acmid = {1868466},
	Address = {New York, NY, USA},
	Articleno = {19},
	Author = {Lantz, Bob and Heller, Brandon and McKeown, Nick},
	Booktitle = {Proceedings of the 9th ACM SIGCOMM Workshop on Hot Topics in Networks},
	Doi = {10.1145/1868447.1868466},
	Isbn = {978-1-4503-0409-2},
	Keywords = {emulation, open-flow, rapid prototyping, software defined networking, virtualization},
	Location = {Monterey, California},
	Numpages = {6},
	Publisher = {ACM},
	Series = {Hotnets-IX},
	Title = {A Network in a Laptop: Rapid Prototyping for Software-defined Networks},
	Url = {http://doi.acm.org/10.1145/1868447.1868466},
	Year = {2010},
	Bdsk-Url-1 = {http://doi.acm.org/10.1145/1868447.1868466},
	Bdsk-Url-2 = {http://dx.doi.org/10.1145/1868447.1868466}}

@inproceedings{john2003graphviz,
	Author = {John Ellson and Eleftherios Koutsofios},
	Booktitle = {GRAPH DRAWING SOFTWARE},
	Pages = {127--148},
	Publisher = {Springer-Verlag},
	Title = {Graphviz and dynagraph -- static and dynamic graph drawing tools},
	Year = {2003}}

@inproceedings{schmid2013exploiting,
	Acmid = {2491198},
	Address = {New York, NY, USA},
	Author = {Schmid, Stefan and Suomela, Jukka},
	Booktitle = {Proceedings of the Second ACM SIGCOMM Workshop on Hot Topics in Software Defined Networking},
	Doi = {10.1145/2491185.2491198},
	Isbn = {978-1-4503-2178-5},
	Keywords = {local algorithms, software defined networking},
	Location = {Hong Kong, China},
	Numpages = {6},
	Pages = {121--126},
	Publisher = {ACM},
	Series = {HotSDN '13},
	Title = {Exploiting Locality in Distributed {SDN} Control},
	Url = {http://doi.acm.org/10.1145/2491185.2491198},
	Year = {2013},
	Bdsk-Url-1 = {http://doi.acm.org/10.1145/2491185.2491198},
	Bdsk-Url-2 = {http://dx.doi.org/10.1145/2491185.2491198}}

@inproceedings{prete2012energy,
	Author = {Prete L. Farina and Campanella M. Biancini},
	Booktitle = {Software Defined Networking (EWSDN), 2012 European Workshop on},
	Doi = {10.1109/EWSDN.2012.9},
	Keywords = {energy consumption;software radio;trees (mathematics);OpenFlow networks;OpenFlowcontroller;energy efficient minimum spanning tree;loop-free layer2 topology;network electric energy consumption;software defined networking;Green products;Network topology;Protocols;Prototypes;Software;Switches;Topology;MST;OpenFlow controller;energy efficiency},
	Pages = {36-41},
	Title = {Energy Efficient Minimum Spanning Tree in OpenFlow Networks},
	Year = {2012},
	Bdsk-Url-1 = {http://dx.doi.org/10.1109/EWSDN.2012.9}}

@misc{guedes2012redes,
	Author = {Guedes, Dorgival and Vieira, Luiz and Vieira, Marcos and Rodrigues, Henrique},
	Booktitle = {Minicursos do Simp{\'o}sio Brasileiro de Redes de Computadores e Sistemas Distribu{\'\i}dos},
	Note = {(in portuguese)},
	Title = {Redes Definidas por Software: uma abordagem sist{\^e}mica para o desenvolvimento de pesquisas em Redes de Computadores},
	Year = 2012}

@inproceedings{spain,
	Acmid = {1855729},
	Address = {Berkeley, CA, USA},
	Author = {Mudigonda, Jayaram and Yalagandula, Praveen and Al-Fares, Mohammad and Mogul, Jeffrey C.},
	Booktitle = {Proceedings of the 7th USENIX conference on Networked systems design and implementation},
	Location = {San Jose, California},
	Numpages = {1},
	Pages = {1--16},
	Publisher = {USENIX Association},
	Series = {NSDI'10},
	Title = {SPAIN: COTS data-center Ethernet for multipathing over arbitrary topologies},
	Url = {http://dl.acm.org/citation.cfm?id=1855711.1855729},
	Year = {2010},
	Bdsk-Url-1 = {http://dl.acm.org/citation.cfm?id=1855711.1855729}}

@article{ripcord,
	Author = {Heller, Brandon and others},
	Date-Added = {2012-11-16 00:17:12 +0000},
	Date-Modified = {2012-11-16 00:25:52 +0000},
	Journal = {SIGCOMM Comput. Commun. Rev.},
	Pages = {457--458},
	Title = {Ripcord: a modular platform for data center networking},
	Volume = {40},
	Year = {2010}}

@misc{openstacksite,
	Date-Added = {2012-11-16 00:17:12 +0000},
	Date-Modified = {2012-11-16 00:18:12 +0000},
	Howpublished = {http://openstack.org/},
	Month = {March},
	Title = {OpenStack:Open source software for building private and public clouds},
	Year = {2012}}

@inproceedings{lcn2013,
	Author = {Rog\'{e}rio V Nunes and Raphael L. Pontes and Dorgival Guedes},
	Booktitle = {Proceedings of the 38th IEEE Conference on Local Computer Networks (LCN)},
	Organization = {IEEE},
	Pages = {700--703},
	Title = {Virtualized Network Isolation Using Software Defined Networks},
	Year = {2013}}

@inproceedings{ovs,
	Author = {Ben Pfaff and Justin Pettit and Teemu Koponen and Keith Amidon and Martin Casado and Scott Shenker},
	Booktitle = {8th ACM Workshop on Hot Topics in Networks (HotNets-VIII)},
	Title = {Extending networking into the virtualization layer},
	Year = {2009}}

@inproceedings{fml2009,
	Acmid = {1592683},
	Address = {New York, NY, USA},
	Author = {Hinrichs, Timothy L. and Gude, Natasha S. and Casado, Martin and Mitchell, John C. and Shenker, Scott},
	Booktitle = {Proceedings of the 1st ACM workshop on Research on enterprise networking},
	Doi = {10.1145/1592681.1592683},
	Isbn = {978-1-60558-443-0},
	Keywords = {network, performance, policy, security},
	Location = {Barcelona, Spain},
	Numpages = {10},
	Pages = {1-10},
	Publisher = {ACM},
	Series = {WREN '09},
	Title = {Practical declarative network management},
	Url = {http://doi.acm.org/10.1145/1592681.1592683},
	Year = {2009},
	Bdsk-Url-1 = {http://doi.acm.org/10.1145/1592681.1592683},
	Bdsk-Url-2 = {http://dx.doi.org/10.1145/1592681.1592683}}
