% OpenFlow
@book{nick2008openflow,
  title={OpenFlow: Enabling Innovation in Campus Networks},
  author={Nick McKeown, Tom Anderson, Hari Balakrishnan, 
          Guru Parulkar, Larry Peterson, Jennifer Rexford,
          Scott Shenker, Jonathan Turner},
  year={2008},
  publisher={ACM}
}

% Nicira
@book{martin2010virtualizing,
  title={Virtualizing the Network Forwarding Plane},
  author={Martín Casado, Teemu Koponen, Rajiv Ramanathan, Scott Shenker},
  year={2010},
  publisher={ACM}
}

% Onix
@book{teemu2010onix,
  title={Onix: A Distributed Control Platform for Large-scale Production Networks},
  author={Teemu Koponen, Martin Casado, Natasha Gude, Jeremy Stribling, Leon Poutievski, Min Zhu, Rajiv Ramanathan, Yuichiro Iwata, Hiroaki Inoue, Takayuki Hama, Scott Shenker},
  year={2010},
  publisher={USENIX}
}

% RouteFlow 
@book{christian2010openflow,
  title={OpenFlow e redes definidas por software: um
novo paradigma de controle e inovação em
redes de pacotes},
  author={Christian Esteve Rothenberg, 
          Marcelo Ribeiro Nascimento, 
          Marcos Rogério Salvador, 
          Maurício Ferreira Magalhães},
  year={2010},
  publisher={CPqD Tecnologia}
}

% HyperPass
@book{james2013HyperPass,
    title={HyperPass: Hypervisor Based Password Security},
    author={James Murphy McCauley, Radhika Mittal},
    year={2013}
    publisher={Berkeley}
}

% Dynamic
@book{ramya2012dynamic,
  title={Dynamic Graph Query Primitives for SDN-based Cloud Network Management},
  author={Ramya Raghavendra, Jorge Lobo, Kang-Won Lee},
  year={2012},
  publisher={HotSDN’12}
}

% Fabric
@book{martin2012fabric,
  title={Fabric: A Retrospective on Evolving SDN},
  author={Martín Casado, Teemu Koponen, Scott Shenker, Amin Tootoonchian},
  year={2012},
  publisher={HotSDN’12}
}

% Software Defined Internet
@book{barath2012software,
  title={Software-Defined Internet Architecture},
  author={Barath Raghavan, Teemu Koponen , Ali Ghodsi, Martín Casado,Sylvia Ratnasamy, Scott Shenker},
  year={2012},
  publisher={Hotnets ’12 ACM}
}

% Software Architectures
@book{bosch2000design,
  title={Design and Use of Software Architectures: Adopting and Evolving a Product-Line Approach},
  author={Bosch, J.},
  isbn={9780201674941},
  lccn={00036362},
  series={ACM Press Series},
  url={http://books.google.com.br/books?id=FDfyWknLvMYC},
  year={2000},
  publisher={ADDISON WESLEY Publishing Company Incorporated}
}

%Frenetic
@article{Foster:2011:FNP:2034574.2034812,
 author = {Foster, Nate and Harrison, Rob and Freedman, Michael J. and Monsanto, Christopher and Rexford, Jennifer and Story, Alec and Walker, David},
 title = {Frenetic: a network programming language},
 journal = {SIGPLAN Not.},
 issue_date = {September 2011},
 volume = {46},
 number = {9},
 month = sep,
 year = {2011},
 issn = {0362-1340},
 pages = {279--291},
 numpages = {13},
 url = {http://doi.acm.org/10.1145/2034574.2034812},
 doi = {10.1145/2034574.2034812},
 acmid = {2034812},
 publisher = {ACM},
 address = {New York, NY, USA},
 keywords = {domain-specific languages, functional reactive programming, network programming languages, openflow},
}

%Pyretic
@inproceedings{Monsanto:2013:CSN:2482626.2482629,
 author = {Monsanto, Christopher and Reich, Joshua and Foster, Nate and Rexford, Jennifer and Walker, David},
 title = {Composing software-defined networks},
 booktitle = {Proceedings of the 10th USENIX conference on Networked Systems Design and Implementation},
 series = {nsdi'13},
 year = {2013},
 location = {Lombard, IL},
 pages = {1--14},
 numpages = {14},
 url = {http://dl.acm.org/citation.cfm?id=2482626.2482629},
 acmid = {2482629},
 publisher = {USENIX Association},
 address = {Berkeley, CA, USA},
} 

% Openflow Protocol Especification
@misc{openflow2013protocol,
  author = {opennetworking.org},
  title = {OpenFlow Switch Specification},
  howpublished = "\url{https://www.opennetworking.org/images/stories/downloads/sdn-resources/onf-specifications/openflow/openflow-spec-v1.3.0.pdf}",
  year = {2013}, 
  note = "[Online; acessado em 25 de Novembro de 2013]"
}

% Project source code
@misc{gustavo2013modulo,
  author = {Gustavo Pantuza, Frederico Sampaio},
  title = {Módulo em Grafos},
  howpublished = "\url{https://github.com/pantuza/pox}",
  year = {2013}, 
  note = "[Online; acessado em 29 de Novembro de 2013]"
}



% Mininet 
@inproceedings{lantz2010network,
 author = {Lantz, Bob and Heller, Brandon and McKeown, Nick},
 title = {A Network in a Laptop: Rapid Prototyping for Software-defined Networks},
 booktitle = {Proceedings of the 9th ACM SIGCOMM Workshop on Hot Topics in Networks},
 series = {Hotnets-IX},
 year = {2010},
 isbn = {978-1-4503-0409-2},
 location = {Monterey, California},
 pages = {19:1--19:6},
 articleno = {19},
 numpages = {6},
 url = {http://doi.acm.org/10.1145/1868447.1868466},
 doi = {10.1145/1868447.1868466},
 acmid = {1868466},
 publisher = {ACM},
 address = {New York, NY, USA},
 keywords = {emulation, open-flow, rapid prototyping, software defined networking, virtualization},
}

% Graphviz
@INPROCEEDINGS{john2003graphviz,
    author = {John Ellson and Emden R. Gansner and Eleftherios Koutsofios and Stephen C. North and Gordon Woodhull},
    title = {Graphviz and dynagraph – static and dynamic graph drawing tools},
    booktitle = {GRAPH DRAWING SOFTWARE},
    year = {2003},
    pages = {127--148},
    publisher = {Springer-Verlag}
}

% Exploiting locality 
@inproceedings{schmid2013exploiting,
    author = {Schmid, Stefan and Suomela, Jukka},
    title = {Exploiting Locality in Distributed SDN Control},
    booktitle = {Proceedings of the Second ACM SIGCOMM Workshop on Hot Topics in Software Defined Networking},
    series = {HotSDN '13},
    year = {2013},
    isbn = {978-1-4503-2178-5},
    location = {Hong Kong, China},
    pages = {121--126},
    numpages = {6},
    url = {http://doi.acm.org/10.1145/2491185.2491198},
    doi = {10.1145/2491185.2491198},
    acmid = {2491198},
    publisher = {ACM},
    address = {New York, NY, USA},
    keywords = {local algorithms, software defined networking},
}

% Energy efficient MST
@INPROCEEDINGS{prete2012energy, 
    author={Prete, L. and Farina, F. and Campanella, M. and Biancini, A.}, 
    booktitle={Software Defined Networking (EWSDN), 2012 European Workshop on}, 
    title={Energy Efficient Minimum Spanning Tree in OpenFlow Networks}, 
    year={2012}, 
    pages={36-41}, 
    keywords={energy consumption;software radio;trees (mathematics);OpenFlow networks;OpenFlowcontroller;energy efficient minimum spanning tree;loop-free layer2 topology;network electric energy consumption;software defined networking;Green products;Network topology;Protocols;Prototypes;Software;Switches;Topology;MST;OpenFlow controller;energy efficiency}, 
    doi={10.1109/EWSDN.2012.9},
}

% minicurso sdn sbrc
@inproceedings{guedes2012redes,
    title={Redes Definidas por Software: uma abordagem sist{\^e}mica para o desenvolvimento de pesquisas em Redes de Computadores},
    author={Guedes, Dorgival and Vieira, Luiz Filipe Menezes and Vieira, Marcos A. Menezes and Rodrigues, Henrique and Nunes, Rog{\'e}rio Vinhal},
    year = 2012,
    booktitle = {Minicursos do Simpósio Brasileiro de Redes de Computadores e Sistemas Distribuídos}
}
